<record><leader>00000cas a2200000 a 4500</leader><controlfield tag="001">11219990</controlfield><controlfield tag="008">841002d18401857njudn ne      0   a0eng  </controlfield><datafield ind1=" " ind2=" " tag="010"><subfield code="a">sn 84020603 </subfield></datafield><datafield ind1=" " ind2=" " tag="040"><subfield code="a">DLC</subfield><subfield code="b">eng</subfield><subfield code="c">DLC</subfield><subfield code="d">NPA</subfield><subfield code="d">DLC</subfield><subfield code="d">NPX</subfield><subfield code="d">NPA</subfield><subfield code="d">OCL</subfield><subfield code="d">NJW</subfield><subfield code="d">DLC</subfield><subfield code="d">OCLCQ</subfield><subfield code="d">DLC</subfield><subfield code="d">CRL</subfield><subfield code="d">KRTAS</subfield><subfield code="d">OCLCQ</subfield><subfield code="d">OCLCF</subfield><subfield code="d">DLC</subfield><subfield code="d">HUL</subfield></datafield><datafield ind1=" " ind2=" " tag="019"><subfield code="a">11220092</subfield><subfield code="a">11952711</subfield></datafield><datafield ind1="0" ind2=" " tag="022"><subfield code="a">2332-9335</subfield><subfield code="l">2332-9335</subfield><subfield code="2">1</subfield></datafield><datafield ind1=" " ind2=" " tag="042"><subfield code="a">pcc</subfield><subfield code="a">nsdp</subfield></datafield><datafield ind1=" " ind2=" " tag="043"><subfield code="a">n-us-nj</subfield></datafield><datafield ind1="0" ind2="0" tag="050"><subfield code="a">Newspaper</subfield></datafield><datafield ind1="1" ind2="0" tag="082"><subfield code="a">071</subfield><subfield code="2">23</subfield></datafield><datafield ind1=" " ind2=" " tag="090"><subfield code="a">AN</subfield></datafield><datafield ind1="0" ind2=" " tag="130"><subfield code="a">State gazette (Trenton, N.J. : 1840)</subfield></datafield><datafield ind1=" " ind2="0" tag="222"><subfield code="a">State gazette</subfield><subfield code="b">(Trenton, N.J. 1840)</subfield></datafield><datafield ind1="1" ind2="0" tag="245"><subfield code="a">State gazette.</subfield></datafield><datafield ind1="3" ind2="0" tag="246"><subfield code="a">Daily State gazette</subfield></datafield><datafield ind1=" " ind2=" " tag="260"><subfield code="a">Trenton, N.J. :</subfield><subfield code="b">Sherman &amp; Harron,</subfield><subfield code="c">1840-1857.</subfield></datafield><datafield ind1=" " ind2=" " tag="300"><subfield code="a">v. ;</subfield><subfield code="c">47 cm.</subfield></datafield><datafield ind1=" " ind2=" " tag="310"><subfield code="a">Daily (except Sun.),</subfield><subfield code="b">Jan. 12, 1847-1857</subfield></datafield><datafield ind1=" " ind2=" " tag="321"><subfield code="a">Triweekly,</subfield><subfield code="b">1840-&lt;1846&gt;</subfield></datafield><datafield ind1="0" ind2=" " tag="362"><subfield code="a">Vol. 1, no. 1 (Jan. 14, 1840)-July 16, 1857.</subfield></datafield><datafield ind1=" " ind2=" " tag="500"><subfield code="a">Published as: Daily State gazette, Jan. 12-22, 1847.</subfield></datafield><datafield ind1=" " ind2=" " tag="500"><subfield code="a">Publishers: James T. Sherman &amp; Henry Harron, &lt;1843&gt;-1853; William Brown &amp; Thomas C. Borden, &lt;1853&gt;; H.C. Buffington, &lt;1854&gt;.</subfield></datafield><datafield ind1=" " ind2=" " tag="500"><subfield code="a">Editors: James T. Sherman, &lt;1846&gt;-1853; William Brown, 1853-&lt;1854&gt;.</subfield></datafield><datafield ind1=" " ind2=" " tag="500"><subfield code="a">"Whig."</subfield></datafield><datafield ind1=" " ind2=" " tag="515"><subfield code="a">With the issue for Jan. 3, 1855, the volume and number designations were dropped.</subfield></datafield><datafield ind1=" " ind2=" " tag="530"><subfield code="a">Also issued on microfilm from the Library of Congress, Photoduplication Service.</subfield></datafield><datafield ind1=" " ind2=" " tag="580"><subfield code="a">Weekly ed.: New-Jersey State gazette (Trenton, N.J. : 1829).</subfield></datafield><datafield ind1=" " ind2="0" tag="651"><subfield code="a">Trenton (N.J.)</subfield><subfield code="v">Newspapers.</subfield></datafield><datafield ind1=" " ind2="7" tag="651"><subfield code="a">New Jersey</subfield><subfield code="z">Trenton.</subfield><subfield code="2">fast</subfield><subfield code="0">(OCoLC)fst01207908</subfield></datafield><datafield ind1=" " ind2="7" tag="655"><subfield code="a">Newspapers.</subfield><subfield code="2">fast</subfield><subfield code="0">(OCoLC)fst01423814</subfield></datafield><datafield ind1=" " ind2=" " tag="752"><subfield code="a">United States</subfield><subfield code="b">New Jersey</subfield><subfield code="c">Mercer</subfield><subfield code="d">Trenton.</subfield></datafield><datafield ind1="1" ind2=" " tag="775"><subfield code="t">New-Jersey State gazette (Trenton, N.J. : 1829)</subfield><subfield code="x">2332-919X</subfield><subfield code="w">(DLC)sn 84026297</subfield><subfield code="w">(OCoLC)10376946</subfield></datafield><datafield ind1="0" ind2="7" tag="785"><subfield code="t">New Jersey daily Republican</subfield><subfield code="x">2332-9270</subfield><subfield code="w">(DLC)sn 85035598</subfield><subfield code="w">(OCoLC)11952681</subfield></datafield><datafield ind1="0" ind2="7" tag="785"><subfield code="t">Daily State gazette and Republican</subfield><subfield code="x">2332-9262</subfield><subfield code="w">(DLC)sn 84020605</subfield><subfield code="w">(OCoLC)11220465</subfield></datafield><datafield ind1=" " ind2=" " tag="938"><subfield code="a">Kirtas Technologies, Inc.</subfield><subfield code="b">KRTS</subfield><subfield code="n">738801</subfield></datafield><datafield ind1="1" ind2=" " tag="029"><subfield code="a">AU@</subfield><subfield code="b">000025812077</subfield></datafield></record>